<?xml version="1.0" encoding="UTF-8"?><collection xmlns="http://www.loc.gov/MARC21/slim"><record><leader>00394nam--2200145-i-4500</leader><controlfield tag="001">000005686</controlfield><controlfield tag="002">20161230</controlfield><controlfield tag="005">20161230201026</controlfield><controlfield tag="008">060222s1000------------r-----000-0-eng-d</controlfield><datafield ind1=" " ind2=" " tag="080"><subfield code="a">..</subfield></datafield><datafield ind1=" " ind2=" " tag="245"><subfield code="a">Thermoelectric materials and devices</subfield></datafield><datafield ind1=" " ind2=" " tag="260"><subfield code="a">New York,Reinhold Publishing Corp.,1960. Xiii + 344 P</subfield></datafield><datafield ind1=" " ind2=" " tag="490"><subfield code="a">Materials Technology Series</subfield></datafield><datafield ind1=" " ind2=" " tag="700"><subfield code="a">Cadoff,I.B.,Miller,E</subfield></datafield><datafield ind1=" " ind2=" " tag="852"><subfield code="a">16988</subfield></datafield></record></collection>